@Article{NeuralODE,
  author  = {Ricky T. Q. Chen, Yulia Rubanova, Jesse Bettencourt, David Duvenaud},
  journal = {https://dblp.uni-trier.de/},
  title   = {Neural Ordinary Differential Equations},
  year    = {2018},
  groups  = {m1p},
}

@Article{dataset_mlru,
  author = {machinelearning.ru},
  groups = {m1p},
}

@Article{takkens,
  author  = {Floris Takkens},
  journal = {Springer Lecture Notes in Mathematics vol 898, pp 366–81},
  title   = {Detecting strange attractors in turbulence},
  year    = {1981},
  groups  = {m1p},
}

@Article{Grabovoy2018,
  author  = {A. V. Grabovoy, V. V. Strijov},
  journal = {http://strijov.com/papers/Grabovoy2019QuasiPeriodicTimeSeries.pdf},
  title   = {Quasi-periodic time series clustering for human activity recognition},
  year    = {2018},
  groups  = {m1p},
}

@Article{Kwapisz2010,
  author  = {J. R. Kwapisz and G. M. Weiss and S. A. Moore},
  journal = {Proceedings of the Fourth International Workshop on Knowledge Discovery from Sensor Data},
  title   = {“Activity Recognition using Cell Phone Accelerometers,”},
  year    = {2010},
  groups  = {m1p},
}

@Article{Seth2007,
  author  = {Seth, A.},
  journal = {Scholarpedia},
  title   = {{G}ranger causality},
  year    = {2007},
  note    = {revision \#127333},
  number  = {7},
  pages   = {1667},
  volume  = {2},
  doi     = {10.4249/scholarpedia.1667},
}

@Article{Usmanova2018,
  author  = {К.Р. Усманова, В.В. Стрижов},
  journal = {«Системы и средства информатики»},
  title   = {МОДЕЛИ ОБНАРУЖЕНИЯ ЗАВИСИМОСТЕЙВО ВРЕМЕННЫХ РЯДАХ В ЗАДАЧАХ ПОСТРОЕНИЯПРОГНОСТИЧЕСКИХ МОДЕЛЕЙ},
  year    = {2018},
}

@Article{McCracken2014,
  author    = {James M. McCracken and Robert S. Weigel},
  journal   = {Physical Review E},
  title     = {Convergent cross-mapping and pairwise asymmetric inference},
  year      = {2014},
  month     = {dec},
  number    = {6},
  volume    = {90},
  doi       = {10.1103/physreve.90.062903},
  publisher = {American Physical Society ({APS})},
  url       = {https://doi.org/10.1103%2Fphysreve.90.062903},
}

@Article{Sugihara2012,
  author  = {George Sugihara and Robert May and Hao Ye and Chih-hao Hsieh and Ethan Deyle and Michael Fogarty and Stephan Munch},
  journal = {Science},
  title   = {Detecting Causality in Complex Ecosystems},
  year    = {2012},
}

@Article{SSA1997,
  author  = {Под редакцией Д.Л.Данилова и А.А.Жиглявского},
  journal = {Санкт-Петербургский университет},
  title   = {Главные компоненты временных рядов: метод "Гусеница"},
  year    = {1997},
}

@Comment{jabref-meta: databaseType:bibtex;}

@Comment{jabref-meta: grouping:
0 AllEntriesGroup:;
1 StaticGroup:m1p\;0\;1\;0x8a8a8aff\;ABUGIDA_THAI\;papers for first paper\;;
}
