@Article{Neural ODE,
  author  = {Ricky T. Q. Chen, Yulia Rubanova, Jesse Bettencourt, David Duvenaud},
  journal = {https://dblp.uni-trier.de/},
  title   = {Neural Ordinary Differential Equations},
  year    = {2018},
  groups  = {m1p},
}

@Article{dataset_mlru,
  title  = {http://www.machinelearning.ru/wiki/index.php?title=Временной_ряд_%28библиотека_примеров%29#:~:text=Records-,Accelerometry,-%5B1%5D},
  groups = {m1p},
}

@Comment{jabref-meta: databaseType:bibtex;}

@Comment{jabref-meta: grouping:
0 AllEntriesGroup:;
1 StaticGroup:m1p\;0\;1\;0x8a8a8aff\;ABUGIDA_THAI\;papers for first paper\;;
}
